@online{visual-prolog,
	author={Visual Prolog [Электронный ресурс]},
	title={Режим доступа:  \url{http://www.visual-prolog.com/}}
}
@book{burakov,
	author={Бураков С. В.},
	title={<<Язык логического программирования PROLOG>>},
	publisher={СПбГУАП},
	year=2003
}
