@online{corvid-demos,
	author={Exsys Corvid Expert System Demos},
	title={\url{http://www.exsys.com/demomain.html}},
}
@online{labs,
	author={Д.И. Муромцев},
	title={Оболочка экспертных систем Exsys Corvid. СПб ГУ ИТМО. \url{http://csd.faculty.ifmo.ru/dimour/ES/Corvid.pdf}},
	year={2006}
}
