@online{tatj,
	author={О.А. Татжибаев},
	title={Разработка экспертных систем
	[Текст]: методические указания к расчетно-графическим работам по дисциплине
	«Системы искусственного интеллекта»},
	year={2005}
}
