@online{intension,
	author={Intension},
	title={\url{https://en.wikipedia.org/wiki/Intension}},
}

@online{extension,
	author={Extension (semantics)},
	title={\url{https://en.wikipedia.org/wiki/Extension_(semantics)}},
}

@online{air-models,
	author={Модели представления знаний},
	title={\url{http://www.aiportal.ru/articles/knowledge-models/knowledge-models.html}},
}

@online{scenario,
	author={Модель представления знаний в виде сценария},
	title={\url{https://studopedia.org/6-138926.html}},
}

@online{logic-models,
	author={Модели представлений знаний},
	title={\url{http://xn--80ap5ae.xn--p1ai/wp-content/uploads/2015/04/%D0%9C%D0%BE%D0%B4%D0%B5%D0%BB%D0%B8-%D0%BF%D1%80%D0%B5%D0%B4%D1%81%D1%82%D0%B0%D0%B2%D0%BB%D0%B5%D0%BD%D0%B8%D0%B9-%D0%B7%D0%BD%D0%B0%D0%BD%D0%B8%D0%B9.pdf}},
}

@online{tree,
	author={Представление знаний в виде "дерева решений"},
	title={\url{http://www.habarov.spb.ru/bz/bz03.html}},
}

@online{knowledge-base,
	author={База знаний},
	title={\url{https://ru.wikipedia.org/wiki/%D0%91%D0%B0%D0%B7%D0%B0_%D0%B7%D0%BD%D0%B0%D0%BD%D0%B8%D0%B9}},
}

@online{kb-pros,
	author={Преимущества и недостатки экспертных систем перед человеком-экспертом},
	title={\url{https://studopedia.org/7-95617.html}},
}

@online{kb-cons,
	author={Экспертные системы},
	title={\url{https://itteach.ru/predstavlenie-znaniy/ekspertnie-sistemi}},
}

@online{examples-1,
	author={Примеры экспертных систем},
	title={\url{http://www.aiportal.ru/articles/expert-systems/examples-expsys.html#targetText=%D0%9F%D1%80%D0%B8%D0%BC%D0%B5%D1%80%D1%8B%20%D1%8D%D0%BA%D1%81%D0%BF%D0%B5%D1%80%D1%82%D0%BD%D1%8B%D1%85%20%D1%81%D0%B8%D1%81%D1%82%D0%B5%D0%BC,%D1%82%D0%B5%D0%BB%D0%B5%D0%BA%D0%BE%D0%BC%D0%BC%D1%83%D0%BD%D0%B8%D0%BA%D0%B0%D1%86%D0%B8%D0%B8%20%D0%B8%20%D1%81%D0%B2%D1%8F%D0%B7%D1%8C%20%D0%B8%20%D0%B4%D1%80.}},
}

@online{examples-2,
	author={Примеры экспертных систем},
	title={\url{http://bourabai.ru/alg/expert21.htm}},
}
