@book{burakov,
	author={Бураков С. В.},
	title={<<Язык логического программирования PROLOG>>},
	publisher={СПбГУАП},
	year=2003
}
@book{sereda,
	author={Середа С.Н.},
	title={<<Методичка по языку Prolog>>},
	publisher={Муромский университет},
	year=2003
}
