@online{intension,
	author={Intension},
	title={\url{https://en.wikipedia.org/wiki/Intension}},
}
