@article{dbscan,
	title={On the theory and construction of k-clusters},
	author={Ling, Robert F},
	journal={The computer journal},
	volume={15},
	number={4},
	pages={326--332},
	year={1972},
	publisher={Oxford University Press}
}
@article{gdbscan,
	title={Density-based clustering in spatial databases: The algorithm gdbscan and its applications},
	author={Sander, J{\"o}rg and Ester, Martin and Kriegel, Hans-Peter and Xu, Xiaowei},
	journal={Data mining and knowledge discovery},
	volume={2},
	number={2},
	pages={169--194},
	year={1998},
	publisher={Springer}
}
@online{data,
	author={Fundamental Clustering Problem Suite // Philipps-Universität Marburg},
	title={\url{https://www.uni-marburg.de/fb12/arbeitsgruppen/datenbionik/data}},
}
@online{wiki,
	author={DBSCAN // Википедия},
	title={\url{https://ru.wikipedia.org/wiki/DBSCAN}},
}
@online{wiki-clustering,
	author={Кластерный анализ // Википедия},
	title={\url{https://ru.wikipedia.org/wiki/%D0%9A%D0%BB%D0%B0%D1%81%D1%82%D0%B5%D1%80%D0%BD%D1%8B%D0%B9_%D0%B0%D0%BD%D0%B0%D0%BB%D0%B8%D0%B7}},
}
@online{habr,
	author={Интересные алгоритмы кластеризации. Часть вторая: DBSCAN // Хабр},
	title={\url{https://habr.com/ru/post/322034/}},
}
@article{fastdbscan,
	title={Гибридный алгоритм кластеризации FastDBSCAN},
	author={Тханг Ву Вьет и Пантюхин Д.В. и Галушкин А.И.},
	journal={Труды Московского физико-технического института},
	volume={7},
	number={3 (27)},
	year={2015},
	publisher={\url{https://mipt.ru/upload/medialibrary/4a3/77-81.pdf}}
}